<?xml version="1.0" encoding="UTF-8"?><collection xmlns="http://www.loc.gov/MARC21/slim"><record><leader>00292nam--2200109-i-4500</leader><controlfield tag="001">000017619</controlfield><controlfield tag="002">20161230</controlfield><controlfield tag="005">20161230201032</controlfield><controlfield tag="008">060222s1000------------r-----000-0-eng-d</controlfield><datafield ind1=" " ind2=" " tag="245"><subfield code="a">Anorganiscche und allgemeine chemie in einzel darstellungen</subfield></datafield><datafield ind1=" " ind2=" " tag="260"><subfield code="a">Belin, Springer-verlag, 1955</subfield></datafield><datafield ind1=" " ind2=" " tag="852"><subfield code="a">10705</subfield></datafield></record></collection>